@misc{gExt,
  author = {Chromium Developers},
  title = {{Getting Started: Building a Chrome Extension}},
  howpublished = "\url{https://developer.chrome.com/extensions/getstarted}",
  year = {2017}, 
  note = "[Online; accessed 05-Oct-2017]"
}


@misc{seo,
  author = {Google Webmaster Central},
  title = {{Google's SEO Starter Guide}},
  howpublished = "\url{https://webmasters.googleblog.com/2008/11/googles-seo-starter-guide.html}",
  year = {2008}, 
  note = "[Online; accessed 05-Oct-2017]"
}

@misc{fExt,
  author = {Mozilla Foundation},
  title = {{Browser Extensions}},
  howpublished = "\url{https://developer.mozilla.org/en-US/Add-ons/WebExtensions}",
  year = {2017}, 
  note = "[Online; accessed 05-Oct-2017]"
}